<collection xmlns="http://www.loc.gov/MARC21/slim">
<record>
  <leader>01774nam0a2200325 i 450 </leader>
  <controlfield tag="001">IT\ICCU\CNCE\042948</controlfield>
  <controlfield tag="005">20150608000000.0</controlfield>
  <datafield tag="012" ind1=" " ind2=" ">
    <subfield code="a">s-ru o-do lir- vo&amp;a (3) 1599 (R)</subfield>
    <subfield code="2">fei</subfield>
  </datafield>
  <datafield tag="100" ind1=" " ind2=" ">
    <subfield code="a">19981219d1599        0itac0103    ba</subfield>
  </datafield>
  <datafield tag="101" ind1=" " ind2=" ">
    <subfield code="a">ITA</subfield>
  </datafield>
  <datafield tag="102" ind1=" " ind2=" ">
    <subfield code="a">IT</subfield>
  </datafield>
  <datafield tag="200" ind1="1" ind2=" ">
    <subfield code="a">Relatione della gloriosa morte di ventisei posti in croce per comandamento del re di Giappone, alli 5 di febraio 1597 de&apos; quali sei furono religiosi di s. Francesco, tre della Compagnia di Giesu, &amp; dicisette christiani giapponesi, mandata dal p. Luigi Frois alli 15 di marzo al r. p. Claudio Aquauiua generale di detta Compagnia. E fatta in italiano dal p. Gasparo Spitilli di Campli della medesima Compagnia</subfield>
  </datafield>
  <datafield tag="210" ind1=" " ind2=" ">
    <subfield code="a">In Bologna</subfield>
    <subfield code="c">per gli her. di Gio. Rossi</subfield>
    <subfield code="c">ad instanza di Gasparo Bindoni</subfield>
    <subfield code="d">1599</subfield>
  </datafield>
  <datafield tag="215" ind1=" " ind2=" ">
    <subfield code="a">119, \1! p.</subfield>
    <subfield code="c">ill.</subfield>
    <subfield code="d">12ʻ</subfield>
  </datafield>
  <datafield tag="620" ind1=" " ind2=" ">
    <subfield code="a">IT</subfield>
    <subfield code="d">Bologna</subfield>
  </datafield>
  <datafield tag="700" ind1=" " ind2="1">
    <subfield code="a">Froes,</subfield>
    <subfield code="b">Luis</subfield>
    <subfield code="3">IT\ICCU\CNCA\003202</subfield>
  </datafield>
  <datafield tag="702" ind1=" " ind2="1">
    <subfield code="a">Spitilli,</subfield>
    <subfield code="b">Gaspare</subfield>
    <subfield code="3">IT\ICCU\CNCA\003203</subfield>
  </datafield>
  <datafield tag="712" ind1="0" ind2="0">
    <subfield code="a">Rossi, Giovanni - eredi</subfield>
    <subfield code="3">IT\ICCU\CNCT\000047</subfield>
    <subfield code="4">650</subfield>
  </datafield>
  <datafield tag="712" ind1="0" ind2="0">
    <subfield code="a">Bindoni, Gaspare</subfield>
    <subfield code="c"> &lt;2.&gt;</subfield>
    <subfield code="3">IT\ICCU\CNCT\002229</subfield>
    <subfield code="4">650</subfield>
  </datafield>
  <datafield tag="790" ind1=" " ind2="1">
    <subfield code="a">Frois,</subfield>
    <subfield code="b">Ludwig</subfield>
    <subfield code="3">IT\ICCU\CNCA\014264</subfield>
    <subfield code="z">Froes, Luis</subfield>
  </datafield>
  <datafield tag="790" ind1=" " ind2="1">
    <subfield code="a">Frois,</subfield>
    <subfield code="b">Luis</subfield>
    <subfield code="3">IT\ICCU\CNCA\014265</subfield>
    <subfield code="z">Froes, Luis</subfield>
  </datafield>
  <datafield tag="790" ind1=" " ind2="1">
    <subfield code="a">Spitillo,</subfield>
    <subfield code="b">Gaspare</subfield>
    <subfield code="3">IT\ICCU\CNCA\024246</subfield>
    <subfield code="z">Spitilli, Gaspare</subfield>
  </datafield>
  <datafield tag="791" ind1="0" ind2="0">
    <subfield code="a">Bindonus, Gaspar iunior</subfield>
    <subfield code="3">IT\ICCU\CNCT\004388</subfield>
    <subfield code="z">Bindoni, Gaspare &lt;2.&gt;</subfield>
  </datafield>
  <datafield tag="801" ind1=" " ind2="3">
    <subfield code="a">IT</subfield>
    <subfield code="b">ICCU</subfield>
    <subfield code="c">20201114</subfield>
  </datafield>
  <datafield tag="899" ind1=" " ind2=" ">
    <subfield code="a">Biblioteca del Seminario vescovile. Forl</subfield>
    <subfield code="1">FC0021</subfield>
    <subfield code="2">ZFC 02</subfield>
  </datafield>
  <datafield tag="899" ind1=" " ind2=" ">
    <subfield code="a">Biblioteca comunale Ariostea. Ferrara</subfield>
    <subfield code="1">FE0017</subfield>
    <subfield code="2">UFE AR</subfield>
  </datafield>
  <datafield tag="899" ind1=" " ind2=" ">
    <subfield code="a">Biblioteca Estense Universitaria. Modena</subfield>
    <subfield code="1">MO0089</subfield>
    <subfield code="2">MOD BE</subfield>
  </datafield>
  <datafield tag="899" ind1=" " ind2=" ">
    <subfield code="a">Biblioteca Palatina. Parma</subfield>
    <subfield code="1">PR0072</subfield>
    <subfield code="2">PAR PA</subfield>
  </datafield>
  <datafield tag="899" ind1=" " ind2=" ">
    <subfield code="a">Biblioteca comunale Manfrediana. Faenza</subfield>
    <subfield code="1">RA0016</subfield>
    <subfield code="2">RAV FA</subfield>
  </datafield>
  <datafield tag="899" ind1=" " ind2=" ">
    <subfield code="a">British Library. London</subfield>
    <subfield code="1">UK0001</subfield>
  </datafield>
</record>
</collection>
